@Book{ggplot2,
  author    = {Hadley Wickham},
  title     = {ggplot2: Elegant Graphics for Data Analysis},
  publisher = {Springer-Verlag New York},
  year      = {2016},
  isbn      = {978-3-319-24277-4},
  url       = {https://ggplot2.tidyverse.org},
}

@Manual{readr,
  title  = {readr: Read Rectangular Text Data},
  author = {Hadley Wickham and Jim Hester and Jennifer Bryan},
  year   = {2024},
  note   = {R package version 2.1.5},
  url    = {https://CRAN.R-project.org/package=readr},
}

@Manual{dplyr,
  title  = {dplyr: A Grammar of Data Manipulation},
  author = {Hadley Wickham and Romain François and Lionel Henry and Kirill Müller and Davis Vaughan},
  year   = {2023},
  note   = {R package version 1.1.4},
  url    = {https://CRAN.R-project.org/package=dplyr},
}

@Manual{tidyr,
  title  = {tidyr: Tidy Messy Data},
  author = {Hadley Wickham and Davis Vaughan and Maximilian Girlich},
  year   = {2024},
  note   = {R package version 1.3.1},
  url    = {https://CRAN.R-project.org/package=tidyr},
}

@Manual{forcats,
  title  = {forcats: Tools for Working with Categorical Variables (Factors)},
  author = {Hadley Wickham},
  year   = {2023},
  note   = {R package version 1.0.0},
  url    = {https://CRAN.R-project.org/package=forcats},
}

@Article{countrycode,
  title   = {countrycode: An R package to convert country names and country codes},
  author  = {Vincent Arel-Bundock and Nils Enevoldsen and CJ Yetman},
  journal = {Journal of Open Source Software},
  year    = {2018},
  volume  = {3},
  number  = {28},
  pages   = {848},
  url     = {https://doi.org/10.21105/joss.00848},
}

@Manual{rnaturalearth,
  title  = {rnaturalearth: World Map Data from Natural Earth},
  author = {Philippe Massicotte and Andy South},
  year   = {2023},
  note   = {R package version 1.0.1},
  url    = {https://CRAN.R-project.org/package=rnaturalearth},
}

@Book{Pebesma2023,
  author    = {Edzer Pebesma and Roger Bivand},
  title     = {Spatial Data Science: With Applications in R},
  publisher = {Chapman and Hall/CRC},
  year      = {2023},
  doi       = {10.1201/9780429459016},
  url       = {https://doi.org/10.1201/9780429459016},
}

@Article{Pebesma2018,
  author  = {Edzer Pebesma},
  title   = {Simple Features for R: Standardized Support for Spatial Vector Data},
  journal = {The R Journal},
  year    = {2018},
  volume  = {10},
  number  = {1},
  pages   = {439--446},
  doi     = {10.32614/RJ-2018-009},
  url     = {https://doi.org/10.32614/RJ-2018-009},
}

@Manual{gganimate,
  title  = {gganimate: A Grammar of Animated Graphics},
  author = {Thomas Lin Pedersen and David Robinson},
  year   = {2024},
  note   = {R package version 1.0.9},
  url    = {https://CRAN.R-project.org/package=gganimate},
}

@Article{zoo,
  title   = {zoo: S3 Infrastructure for Regular and Irregular Time Series},
  author  = {Achim Zeileis and Gabor Grothendieck},
  journal = {Journal of Statistical Software},
  year    = {2005},
  volume  = {14},
  number  = {6},
  pages   = {1--27},
  doi     = {10.18637/jss.v014.i06},
}

@Manual{R-base,
  title        = {R: A Language and Environment for Statistical Computing},
  author       = {{R Core Team}},
  organization = {R Foundation for Statistical Computing},
  address      = {Vienna, Austria},
  year         = {2024},
  url          = {https://www.R-project.org/},
}

@Manual{tidyverse,
  title  = {tidyverse: Easily Install and Load the Tidyverse},
  author = {Hadley Wickham and Jim Hester and Lionel Henry},
  year   = {2023},
  note   = {R package version 2.0.0},
  url    = {https://CRAN.R-project.org/package=tidyverse},
}

@Manual{psych,
  title  = {psych: Procedures for Psychological, Psychometric, and Personality Research},
  author = {William Revelle},
  year   = {2023},
  note   = {R package version 2.3.9},
  url    = {https://CRAN.R-project.org/package=psych},
}

@Manual{RColorBrewer,
  title  = {RColorBrewer: ColorBrewer Palettes},
  author = {Erich Neuwirth},
  year   = {2022},
  note   = {R package version 1.1-3},
  url    = {https://CRAN.R-project.org/package=RColorBrewer},
}

@Manual{gridExtra,
  title  = {gridExtra: Miscellaneous Functions for "Grid" Graphics},
  author = {Baptiste Auguie},
  year   = {2017},
  note   = {R package version 2.3},
  url    = {https://CRAN.R-project.org/package=gridExtra},
}

@Manual{patchwork,
  title  = {patchwork: The Composer of Plots},
  author = {Thomas Lin Pedersen},
  year   = {2022},
  note   = {R package version 1.1.3},
  url    = {https://CRAN.R-project.org/package=patchwork},
}

@Manual{rnaturalearthdata,
  title  = {rnaturalearthdata: World Vector Map Data from Natural Earth Used in 'rnaturalearth'},
  author = {Andy South},
  year   = {2017},
  note   = {R package version 0.1.0},
  url    = {https://CRAN.R-project.org/package=rnaturalearthdata},
}

@Manual{gifski,
  title  = {gifski: High Quality Image to GIF Conversion Using Rust},
  author = {Jeroen Ooms},
  year   = {2023},
  note   = {R package version 1.12},
  url    = {https://CRAN.R-project.org/package=gifski},
}

@Manual{tidyplots,
  title  = {tidyplots: Simplifying Plot Creation},
  author = {Joshua Kunst},
  year   = {2021},
  note   = {R package version 0.1.1},
  url    = {https://CRAN.R-project.org/package=tidyplots},
}

@misc{IMFClimateData,
  author       = {{International Monetary Fund}},
  title        = {Climate Change Indicators Dashboard},
  year         = {2024},
  url          = {https://climatedata.imf.org/pages/climate-and-weather#cc1},
  note         = {Accessed: 2025-04-25}
}